<?xml version="1.0" encoding="UTF-8"?><collection xmlns="http://www.loc.gov/MARC21/slim"><record><leader>00477nam--2200169-i-4500</leader><controlfield tag="001">000040957</controlfield><controlfield tag="002">20161230</controlfield><controlfield tag="005">20161230201042</controlfield><controlfield tag="008">060222s1000------------r-----000-0-eng-d</controlfield><datafield ind1=" " ind2=" " tag="040"><subfield code="a">IFIN-HH</subfield></datafield><datafield ind1=" " ind2=" " tag="080"><subfield code="a">778</subfield></datafield><datafield ind1="1" ind2=" " tag="100"><subfield code="a">Branley, Franklyn M</subfield></datafield><datafield ind1="1" ind2="0" tag="245"><subfield code="a">Scientists`choice a portofolio of photographs in science</subfield><subfield code="c">Franklyn m. branley</subfield></datafield><datafield ind1=" " ind2=" " tag="260"><subfield code="a">New York</subfield><subfield code="b">Basic Books, Publishers</subfield><subfield code="c">1958</subfield></datafield><datafield ind1=" " ind2=" " tag="300"><subfield code="a">8 P.+ 12 PLANCHE</subfield></datafield><datafield ind1=" " ind2=" " tag="852"><subfield code="a">44397</subfield><subfield code="c">H.H</subfield></datafield><datafield ind1=" " ind2=" " tag="CAT"><subfield code="a">Sys</subfield><subfield code="c">20130402</subfield><subfield code="h">124344</subfield></datafield></record></collection>